@Misc{COVID,
title = {Rami{K}rispin {G}it{H}ub},
note = {Eingesehen am 07.02.2013},
url = {https://github.com/RamiKrispin/coronavirus},
howpublished = "\url{https://github.com/RamiKrispin/coronavirus}",
key = {COVID},
}

@Misc{GEO,
title = {John{S}now{L}abs},
note = {Eingesehen am 07.02.2013},
url = {https://datahub.io/JohnSnowLabs/country-and-continent-codes-list},
howpublished = "\url{https://datahub.io/JohnSnowLabs/country-and-continent-codes-list}",
key = {GEO},
}

@Misc{OxGRT,
title = {Government {R}esponse {T}racker},
note = {Eingesehen am 07.02.2013},
url = {https://www.bsg.ox.ac.uk/research/research-projects/coronavirus-government-response-tracker},
howpublished = "\url{https://www.bsg.ox.ac.uk/research/research-projects/coronavirus-government-response-tracker}",
key = {OxGRT},
}