@MISC{reback2020pandas,
    author       = {The pandas development team},
    title        = {pandas-dev/pandas: Pandas (version 0.25.3)},
    month        = feb,
    year         = 2020,
    publisher    = {Zenodo},
    version      = {latest},
    doi          = {10.5281/zenodo.3509134},
    url          = {https://doi.org/10.5281/zenodo.3509134}
}


@ARTICLE{5725236,  author={S. {van der Walt} and S. C. {Colbert} and G. {Varoquaux}},  journal={Computing in Science   Engineering},   title={The NumPy Array: A Structure for Efficient Numerical Computation},   year={2011},  volume={13},  number={2},  pages={22-30},}

@misc{kelsey_jordahl_2019_2585849,
  author       = {Kelsey Jordahl and
                  Joris Van den Bossche and
                  Jacob Wasserman and
                  James McBride and
                  Jeffrey Gerard and
                  Jeff Tratner and
                  Matthew Perry and
                  Carson Farmer and
                  Micah Cochran and
                  Sean Gillies and
                  Matt Bartos and
                  Lucas Culbertson and
                  Nick Eubank and
                  maxalbert and
                  Martin Fleischmann and
                  Geir Arne Hjelle and
                  Dani Arribas-Bel and
                  Christopher Ren and
                  Sergio Rey and
                  Martin Journois and
                  Levi John Wolf and
                  Aleksey Bilogur and
                  Nick Grue and
                  Joshua Wilson and
                  YuichiNotoya and
                  Leah Wasser and
                  Filipe and
                  Chris Holdgraf and
                  Adam Greenhall and
                  John Trengrove},
  title        = {geopandas/geopandas: v0.4.1},
  month        = mar,
  year         = 2019,
  publisher    = {Zenodo},
  doi          = {10.5281/zenodo.2585849},
  url          = {https://doi.org/10.5281/zenodo.2585849}
}

@Article{Hunter:2007,
  Author    = {Hunter, J. D.},
  Title     = {Matplotlib: A 2D graphics environment},
  Journal   = {Computing in Science \& Engineering},
  Volume    = {9},
  Number    = {3},
  Pages     = {90--95},
  abstract  = {Matplotlib is a 2D graphics package used for Python for
  application development, interactive scripting, and publication-quality
  image generation across user interfaces and operating systems.},
  publisher = {IEEE COMPUTER SOC},
  doi       = {10.1109/MCSE.2007.55},
  year      = 2007
}