@Manual{,
    title = {R: A Language and Environment for Statistical Computing},
    author = {{R Core Team}},
    organization = {R Foundation for Statistical Computing},
    address = {Vienna, Austria},
    year = {2019},
    url = {https://www.R-project.org/},
  }
 
@Manual{coronavirus,
    title = {coronavirus: The 2019 Novel Coronavirus COVID-19 (2019-nCoV) Dataset},
    author = {Rami Krispin},
    year = {2020},
    note = {R package version 0.2.0},
    url = {https://github.com/RamiKrispin/coronavirus},
  }
  
@Manual{dplyr,
    title = {dplyr: A Grammar of Data Manipulation},
    author = {Hadley Wickham and Romain François and Lionel Henry and Kirill Müller},
    year = {2020},
    note = {R package version 0.8.5},
    url = {https://CRAN.R-project.org/package=dplyr},
  }
  
@Manual{tidyr,
    title = {tidyr: Tidy Messy Data},
    author = {Hadley Wickham and Lionel Henry},
    year = {2020},
    note = {R package version 1.0.2},
    url = {https://CRAN.R-project.org/package=tidyr},
  }

@Article{lubridate,
    title = {Dates and Times Made Easy with {lubridate}},
    author = {Garrett Grolemund and Hadley Wickham},
    journal = {Journal of Statistical Software},
    year = {2011},
    volume = {40},
    number = {3},
    pages = {1--25},
    url = {http://www.jstatsoft.org/v40/i03/},
  }
  
@Manual{viridis,
    title = {viridis: Default Color Maps from 'matplotlib'},
    author = {Simon Garnier},
    year = {2018},
    note = {R package version 0.5.1},
    url = {https://CRAN.R-project.org/package=viridis},
  }
  
@Manual{psych,
    title = {psych: Procedures for Psychological, Psychometric, and Personality Research},
    author = {William Revelle},
    organization = { Northwestern University},
    address = { Evanston, Illinois},
    year = {2019},
    note = {R package version 1.9.12},
    url = {https://CRAN.R-project.org/package=psych},
  }
  
@Article{zoo,
    title = {zoo: S3 Infrastructure for Regular and Irregular Time Series},
    author = {Achim Zeileis and Gabor Grothendieck},
    journal = {Journal of Statistical Software},
    year = {2005},
    volume = {14},
    number = {6},
    pages = {1--27},
    doi = {10.18637/jss.v014.i06},
  }
  
@Article{countrycode,
    title = {countrycode: An R package to convert country names and country codes},
    author = {Vincent Arel-Bundock and Nils Enevoldsen and CJ Yetman},
    journal = {Journal of Open Source Software},
    year = {2018},
    volume = {3},
    number = {28},
    pages = {848},
    url = {https://doi.org/10.21105/joss.00848},
  }
  
@Manual{raster,
    title = {raster: Geographic Data Analysis and Modeling},
    author = {Robert J. Hijmans},
    year = {2020},
    note = {R package version 3.0-12},
    url = {https://CRAN.R-project.org/package=raster},
  }
  
@Manual{wbstats,
    title = {wbstats: Programmatic Access to the World Bank API},
    author = {Jesse Piburn},
    organization = {Oak Ridge National Laboratory},
    address = {Oak Ridge, Tennessee},
    year = {2018},
    url = {https://www.ornl.gov/division/csed/gist},
  }
  
@Book{ggplot2,
    author = {Hadley Wickham},
    title = {ggplot2: Elegant Graphics for Data Analysis},
    publisher = {Springer-Verlag New York},
    year = {2016},
    isbn = {978-3-319-24277-4},
    url = {https://ggplot2.tidyverse.org},
  }